@Misc{802-11,
  OPTkey =       {},
  OPTauthor =    {},
  title =        {{IEEE P802.11, The Working Group for Wireless LANs}},
  howpublished = {\url{http://grouper.ieee.org/groups/802/11/}},
  OPTmonth =     {},
  OPTyear =      {},
  OPTnote =      {},
  OPTannote =    {}
}

@Misc{ns2,
  OPTkey =       {},
  OPTauthor =    {},
  title =        {{Network Simulator Version 2}},
  howpublished = {\url{http://www.isi.edu/nsnam/ns/}},
  OPTmonth =     {},
  OPTyear =      {},
  OPTnote =      {},
  OPTannote =    {}
}
