@InProceedings{1,
  author = 	 {D. Eck and B. Brundick and T. Fettig and J. Dechoretz and J. Ugljesa},
  title = 	 {{Parametric estimating handbook}},
  booktitle = 	 {The International Society of Parametric Analysis (ISPA), Fourth Edition.},
  OPTcrossref =  {},
  OPTkey = 	 {},
  OPTpages = 	 {},
  year =	 {2009},
  OPTeditor = 	 {},
  OPTvolume = 	 {},
  OPTnumber = 	 {},
  OPTseries = 	 {},
  OPTaddress = 	 {},
  month =	 {Nov},
  OPTorganization = {},
  OPTpublisher = {},
  OPTnote = 	 {},
  OPTannote = 	 {}
}

@Misc{2,
  OPTkey =       {},
  OPTauthor =    {J. Lynch},
  title =        {{Chaos manifesto}},
  howpublished = {\url{http://www.standishgroup.com/newsroom/chaos\_2009.php}},
  OPTmonth =     {},
  OPTyear =      {},
  OPTnote =      {},
  OPTannote =    {}
}

@InProceedings{3,
  author = 	 {Joseph Camp and Joshua Robinson and Christopher
                  Steger and Edward Knightly},
  title = 	 {{Software estimation in the early stages of the software life cycle}},
  booktitle = 	 {International Conference on Emerging Trends in Computer Science, Communication and Information Technology},
  OPTcrossref =  {},
  OPTkey = 	 {},
  OPTpages = 	 {},
  year =	 {2010},
  OPTeditor = 	 {},
  OPTvolume = 	 {},
  OPTnumber = 	 {},
  OPTseries = 	 {},
  OPTaddress = 	 {},
  month =	 {Dec},
  OPTorganization = {},
  OPTpublisher = {},
  OPTnote = 	 {},
  OPTannote = 	 {}
}

@InProceedings{4,
  author = 	 {B. W. Boehm},
  title = 	 {{Software Engineering Economics}},
  booktitle = 	 {Software Engineering Economics},
  OPTcrossref =  {},
  OPTkey = 	 {},
  OPTpages = 	 {},
  year =	 {1981},
  OPTeditor = 	 {},
  OPTvolume = 	 {},
  OPTnumber = 	 {},
  OPTseries = 	 {},
  OPTaddress = 	 {},
  month =	 {Jan},
  OPTorganization = {},
  OPTpublisher = {},
  OPTnote = 	 {},
  OPTannote = 	 {}
}

@InProceedings{5,
  author = 	 {B. W. Boehm},
  title = 	 {{Forecasting of software development work effort: Evidence on expert judgement and formal models}},
  booktitle = 	 {International Journal of Forecasting, vol. 23, pp. 449-462},
  OPTcrossref =  {},
  OPTkey = 	 {},
  OPTpages = 	 {},
  year =	 {2007},
  OPTeditor = 	 {},
  OPTvolume = 	 {},
  OPTnumber = 	 {},
  OPTseries = 	 {},
  OPTaddress = 	 {},
  month =	 {July},
  OPTorganization = {},
  OPTpublisher = {},
  OPTnote = 	 {},
  OPTannote = 	 {}
}

@InProceedings{6,
  author = 	 {L. H. Putnam},
  title = 	 {{A General Empirical Solution to the Macro Software Sizing and Estimating Problem}},
  booktitle = 	 {IEEE Transactions on Software Engineering, vol. 4, pp. 345-361},
  OPTcrossref =  {},
  OPTkey = 	 {},
  OPTpages = 	 {},
  year =	 {1978},
  OPTeditor = 	 {},
  OPTvolume = 	 {},
  OPTnumber = 	 {},
  OPTseries = 	 {},
  OPTaddress = 	 {},
  month =	 {July},
  OPTorganization = {},
  OPTpublisher = {},
  OPTnote = 	 {},
  OPTannote = 	 {}
}

@InProceedings{7,
  author = 	 {M. JÃ¸rgensen},
  title = 	 {{Forecasting of software development work effort: Evidence on expert judgement and formal models}},
  booktitle = 	 {International Journal of Forecasting, vol. 23, pp. 449-462, 2007},
  OPTcrossref =  {},
  OPTkey = 	 {},
  OPTpages = 	 {},
  year =	 {2007},
  OPTeditor = 	 {},
  OPTvolume = 	 {},
  OPTnumber = 	 {},
  OPTseries = 	 {},
  OPTaddress = 	 {},
  month =	 {July},
  OPTorganization = {},
  OPTpublisher = {},
  OPTnote = 	 {},
  OPTannote = 	 {}
}

@Misc{8,
  OPTkey =       {},
  OPTauthor =    {},
  title =        {{Latex Tutorial}},
  howpublished = {\url{http://tex.stackexchange.com/}},
  OPTmonth =     {},
  OPTyear =      {},
  OPTnote =      {},
  OPTannote =    {}
}

@Misc{9,
  OPTkey =       {},
  OPTauthor =    {},
  title =        {{Emacs tutorial}},
  howpublished = {\url{http://www.emacs.org/}},
  OPTmonth =     {},
  OPTyear =      {},
  OPTnote =      {},
  OPTannote =    {}
}
